@BOOK{sellen2002,
	AUTHOR = "A.J. Sellen and R.H. Harper",
	TITLE = "The myth of the paperless office",
	PUBLISHER = "MIT Press",
	YEAR = {2002}
}

@INPROCEEDINGS{sellen1997,
	AUTHOR = "A. Sellen and R. Harper",
	TITLE = "Paper as an analytic resource for the design of new technologies",
	BOOKTITLE = "In Proceedings of the ACM SIGCHI Conference on Human factors in computing systems",
	PAGES = "319-326",
	ORGANIZATION = "ACM",
	YEAR = {1997}
}

@INPROCEEDINGS{johnson1993,
    AUTHOR="W. Johnson and H. Jellinek and L. Klotz Jr and R. Rao and S.K. Card",
    YEAR={1993},
    TITLE="Bridging the paper and electronic worlds: the paper user interface",
    BOOKTITLE="In Proceedings of the INTERACT'93 and CHI'93 conference on Human factors in computing systems",
    PAGES="507-512",
    ORGANIZATION="ACM"
}

@INPROCEEDINGS{kaplan2010,
    AUTHOR="F. Kaplan and P. Jermann",
    YEAR={2010},
    TITLE="Papercomp 2010: first international workshop on paper computing",
    BOOKTITLE="In Proceedings of the 12th ACM international conference adjunct papers on Ubiquitous computing-Adjunct",
    PAGES="507-510",
    ORGANIZATION="ACM"
}

@ARTICLE{thomas1976,
    AUTHOR="A.E. Thomas and D.A. McKay and M.B. Cutlip",
    YEAR={1976},
    TITLE="A nomograph method for assessing body weight",
    JOURNAL="The American journal of clinical nutrition", 
    VOLUME=29,
    NUMBER=3,
    PAGES="302-304"
}

@ARTICLE{who1988,
    AUTHOR="World Health Organization: Maternal and Child Health and Family Planning",
    YEAR={1988},
    TITLE={The partograph: a managerial tool for the prevention of prolonged labour (Vol. 1)},
    BOOKTITLE="World Health Organization Maternal and Child Health Unit, Division of Family Health"
}

@ARTICLE{fawole2009,
    AUTHOR="A.O. Fawole and K.I. Hunyinbo and D.A. Adekanle",
    YEAR={2009},
    TITLE="Knowledge and Utilization of the Partograph among obstetric care givers in South West Nigeria",
    JOURNAL="African journal of reproductive health",
    VOLUME=12,
    NUMBER=1,
    PAGES="22-29"
}

@ARTICLE{umezulike1999,
    AUTHOR="A.C. Umezulike and H.E. Onah and J.M. Okaro",
    YEAR={1999},
    TITLE="Use of the partograph among medical personnel in Enugu Nigeria",
    JOURNAL="International Journal of Gynecology and Obstetrics",
    VOLUME=65,
    NUMBER=2,
    PAGES="203-5"
}

@ARTICLE{fahdy2005,
    AUTHOR="M. Fahdhy and V. Chongsuvivatwong",
    YEAR={2005},
    TITLE="Evaluation of World Health Organization partograph implementation by midwives for maternity home birth in Medan, Indonesia",
    JOURNAL="Midwifery",
    VOLUME=21,
    NUMBER=4, 
    PAGES="301-310"
}

@ARTICLE{pettersson2000,
    AUTHOR="K.O. Pettersson and M.L. Svensson and K. Christensson",
    YEAR={2000},
    TITLE="Evaluation of an adapted model of the World Health Organization partograph used by Angolan midwives in a peripheral delivery unit",
    JOURNAL="Midwifery",
    VOLUME=16,
    NUMBER=2,
    PAGES="82-88"
}

@INPROCEEDINGS{qi2010,
    AUTHOR="J. Qi and L. Buechley",
    YEAR={2010}, 
    MONTH=January,
    TITLE="Electronic popables: exploring paper-based computing through an interactive pop-up book."
    BOOKTITLE="In Proceedings of the fourth international conference on Tangible, embedded, and embodied interaction",
    PAGES="121-128",
    ORGANIZATION="ACM"
}

@ARTICLE{eisenberg1997,
    AUTHORS="M. Eisenberg and A. Nishioka",
    YEAR={1997},
    TITLE="Orihedra: Mathematical Sculptures in Paper",
    JOURNAL="International Journal of Computers for Mathematical Learning", 
    VOLUME=1,
    PAGES="225-261"
}
@INPROCEEDINGS{hendrix2005,
    AUTHOR="S. Hendrix and M. Eisenberg",
    YEAR={2005},
    TITLE="Computer- assisted pop-up design for Children: Computationally- Enriched Paper Engineering",
    BOOKTITLE="In Proceedings of IASTED Intl. Conf. On Computers and Advanced Technology in Education"
}

@ARTICLE{wellner1993,
    AUTHOR="P. Wellner",
    TITLE="Interacting with paper on the DigitalDesk",
    JOURNAL="Communications of the ACM",
    YEAR={1993},
    PAGES={87-96}.
}

@ARTICLE{anoto,
    AUTHOR="Anoto",
    TITLE="Digital pen and paper technology",
    JOURNAL="Anoto AB",
    URL={http://www.anoto.com}
}

@INPROCEEDINGS{pietrzak2010,
    AUTHOR="T. Pietrzak and S. Malacria and Ã‰. Lecolinet",
    YEAR={2010},
    TITLE="What do u-note? an augmented note taking system for the classroom",
    BOOKTITLE="In Papercomp Workshop"
}

@INPROCEEDINGS{bonnard2010,
    AUTHOR="Q. Bonnard and R.L. Center and F. Kaplan and P. Dillenbourg",
    YEAR={2010},
    TITLE="A Paper Interface for Code Exploration",
    BOOKTITLE="In 12th ACM International Conference on Ubiquitous Computing (No. EPFL-POSTER-158791)"
}

@INPROCEEDINGS{portocarrero2010,
    AUTHOR="E. Portocarrero and D. Robert and S. Follmer and M. Chung",
    YEAR={2010},
    TITLE="The Never Ending Storytelling Machine a platform for creative collaboration using a sketchbook and everyday objects",
    BOOKTITLE="Proc. PaperComp, 10"
}

@INPROCEEDINGS{coelho2009,
    AUTHOR="M. Coelho and L.Hall and J. Berzowska and P. Maes",
    YEAR={2009}, 
    MONTH="April",
    TITLE="Pulp-based computing: a framework for building computers out of paper",
    BOOKTITLE="In CHI'09 Extended Abstracts on Human Factors in Computing Systems",
    PAGES={3527-3528},
    ORGANIZATION="ACM"
}

@INPROCEEDINGS{chen2012,
    AUTHOR="K. Chen and A. Kannan and Y. Yano and J. Hellerstein and T.S. Parikh",
    YEAR={2012},
    MONTH="March"
    TITLE="Shreddr: pipelined paper digitization for low-resource organizations",
    BOOKTITLE="InProceedings of the 2nd ACM Symposium on Computing for Development",
    PAGE={3},
    ORGANIZATION="ACM"
}

@INPROCEEDINGS{parikh2006,
    AUTHOR="T. Parikh and S. Javid and K. Ghosh and K. Toyama",
    YEAR={2006},
    MONTH="April"
    TITLE="Mobile phones and paper documents: evaluating a new approach for capturing microfinance data in rural India",
    BOOKTITLE="In Proceedings of the SIGCHI conference on Human Factors in computing systems",
    PAGE={551-560},
    ORGANIZATION="ACM"
}


@INPROCEEDINGS{ratan2010,
    AUTHOR="A. Ratan and K. Toyama and S. Chakraborty and S. Ooi and K.S. Koenig and M. Chitnis and M. Phiong",
    YEAR={2010},
    MONTH="December"
    TITLE="Managing microfinance with paper, pen and digital slate",
    BOOKTITLE="In Proceedings of the 4th ACM/IEEE International Conference on Information and Communication Technologies and Development",
    PAGE={37},
    ORGANIZATION="ACM"
}



